@article{PhysRevC.43.1585,
  title = {Variational calculations of few-body nuclei},
  author = {Wiringa, R. B.},
  journal = {Phys. Rev. C},
  volume = {43},
  issue = {4},
  pages = {1585--1598},
  numpages = {0},
  year = {1991},
  month = {Apr},
  publisher = {American Physical Society},
  doi = {10.1103/PhysRevC.43.1585},
  url = {http://link.aps.org/doi/10.1103/PhysRevC.43.1585}
}

@article{RevModPhys.87.1067,
  title = {Quantum Monte Carlo methods for nuclear physics},
  author = {Carlson, J. and Gandolfi, S. and Pederiva, F. and Pieper, Steven C. and Schiavilla, R. and Schmidt, K. E. and Wiringa, R. B.},
  journal = {Rev. Mod. Phys.},
  volume = {87},
  issue = {3},
  pages = {1067--1118},
  numpages = {52},
  year = {2015},
  month = {Sep},
  publisher = {American Physical Society},
  doi = {10.1103/RevModPhys.87.1067},
  url = {http://link.aps.org/doi/10.1103/RevModPhys.87.1067}
}

@article{Metropolis1953,
   author = "Metropolis, Nicholas and Rosenbluth, Arianna W. and Rosenbluth, Marshall N. and Teller, Augusta H. and Teller, Edward",
   title = "Equation of State Calculations by Fast Computing Machines",
   journal = "The Journal of Chemical Physics",
   year = "1953",
   volume = "21",
   number = "6",
   eid = ,
   pages = "1087-1092",
   url = "http://scitation.aip.org/content/aip/journal/jcp/21/6/10.1063/1.1699114",
   doi = "http://dx.doi.org/10.1063/1.1699114"
}

@book{Feynman1965e,
   place={New York, NY},
   edition={Emended},
   title={Quantum Mechanics and Path Integrals},
   publisher={McGraw-Hill},
   author={Feynman, Richard P. and Hibbs, Albert R.},
   editor={Styer, Daniel F.Editor},
   year={1965}
}

@book{kalos_whitlock_2008,
   place={Weinheim},
   edition={2nd},
   title={Monte Carlo Methods},
   publisher={Wiley-VCH Verlag},
   author={Kalos, Malvin H. and Whitlock, Paula A.},
   year={2008}
}

@book{kent_1999,
   place={Cambridge},
   title={Techniques and Applications of Quantum Monte Carlo},
   publisher={University of Cambridge},
   author={Kent, Paul Richard Charles},
   year={1999}
}

@book{hjorth-jensen_2013,
   title={Computational Physics},
   publisher={University of Oslo},
   author={Hjorth-Jensen, Morten},
   year={2013}
}

@inbook{pederiva_roggero_schmidt_2016,
   title={Variational and Diffusion Monte Carlo approaches to the nuclear few- and many-body problem},
   booktitle={An advanced course in computational nuclear physics},
   publisher={Springer},
   author={Pederiva, Francesco and Roggero, Alessandro and Schmidt, Kevin E},
   editor={Hjorth-Jensen, Morten and Lombardo, Maria Paola and van Kolck, Ubirajara Editors},
   year={2016},
   pages={311-368}
}
